<?xml version="1.0" encoding="UTF-8"?><collection><record><leader>06736ntm a2200565 a 4500</leader><controlfield tag="001">005990716</controlfield><controlfield tag="003">MiAaHDL</controlfield><controlfield tag="005">20190719000000.0</controlfield><controlfield tag="006">m        d        </controlfield><controlfield tag="007">cr bn ---auaua</controlfield><controlfield tag="008">090409s1720    tu            00| ||ara d</controlfield><datafield tag="035" ind1=" " ind2=" "><subfield code="a">(MiU)005990716</subfield></datafield><datafield tag="035" ind1=" " ind2=" "><subfield code="a">sdr-miu005990716</subfield></datafield><datafield tag="040" ind1=" " ind2=" "><subfield code="a">MiU</subfield><subfield code="c">MiU</subfield><subfield code="e">amremm</subfield></datafield><datafield tag="043" ind1=" " ind2=" "><subfield code="a">n-us-mi</subfield></datafield><datafield tag="100" ind1="1" ind2=" "><subfield code="6">880-01</subfield><subfield code="a">Marghīnānī, ʻAlī ibn Abī Bakr,</subfield><subfield code="d">-1196 or 1197.</subfield></datafield><datafield tag="240" ind1="1" ind2="0"><subfield code="6">880-02</subfield><subfield code="a">Hidāyah</subfield></datafield><datafield tag="245" ind1="1" ind2="0"><subfield code="6">880-03</subfield><subfield code="a">Kitāb al-Hidāyah,</subfield><subfield code="f">[1132, i.e. 1720].</subfield></datafield><datafield tag="246" ind1="3" ind2=" "><subfield code="i">Edge title:</subfield><subfield code="a">هداية البداية</subfield></datafield><datafield tag="260" ind1=" " ind2=" "><subfield code="a">[Erzurum,</subfield><subfield code="c">1720]</subfield></datafield><datafield tag="300" ind1=" " ind2=" "><subfield code="a">454 leaves :</subfield><subfield code="f">paper ;</subfield><subfield code="c">290 x 172 (179 x 79) mm.</subfield></datafield><datafield tag="500" ind1=" " ind2=" "><subfield code="a">Shelfmark: Ann Arbor, University of Michigan, Special Collections Library, Isl. Ms. 59</subfield></datafield><datafield tag="500" ind1=" " ind2=" "><subfield code="a">Origin: As appears in colophon on p.906, copied by Khalīl ibn Ibrāhīm. Transcription completed ("thumma waqaʻa al-farāgh min taswīd hādhihi al-awrāq...") in Erzurum, 10th Shaʻbān 1132 [ca. 17 June 1720].</subfield></datafield><datafield tag="500" ind1=" " ind2=" "><subfield code="a">Former shelfmark: British Museum, London "No. 145. Al-Hidayah."</subfield></datafield><datafield tag="500" ind1=" " ind2=" "><subfield code="a">Binding: Cover missing (Type II, with flap) though spine is mostly intact ; majority sewn in yellow thread, two stations, final quires sewn in red thread ; chevron endbands in yellow and red, intact and in fair condition ; housed in box for protection.</subfield></datafield><datafield tag="500" ind1=" " ind2=" "><subfield code="a">Support: European laid paper of several types, with three crescents watermark, three circles watermark (crown, crescent, fleur de lis, heart), grapes with crown and initials "I F", etc. ; mainly 9-10 laid lines per cm. (horizontal) and chain lines 26-27 mm. apart (vertical), well-burnished to glossy ; much staining, tears and creasing.</subfield></datafield><datafield tag="500" ind1=" " ind2=" "><subfield code="a">Decoration: Section headings rubricated ; text being commented upon overlined in red ; written area of incipit and facing page surrounded by red rule-border ; textual dividers in the form of red inverted commas.</subfield></datafield><datafield tag="500" ind1=" " ind2=" "><subfield code="a">Script: Naskh ; clear, bold Turkish hand ; virtually serifless though occasional head-serifs appear without regularity ; strong effect of tilt to the left ; mainly closed counters ; final nūn often forms shape of numeral khamsah (۵) ; occasional superscripting of final letters in final word of line ; two dots in the form of a curved line ; hand changes in latter quires (around pp.517-813), very similar to main hand though smaller and more compact.</subfield></datafield><datafield tag="500" ind1=" " ind2=" "><subfield code="a">Layout: Written in 27 lines per page ; frame-ruled (impression of ruling board evident).</subfield></datafield><datafield tag="500" ind1=" " ind2=" "><subfield code="a">Collation: ii, IV (8), 24 V(248), IV (256), 2 V(276), IV+2 (286), 16 V(446), IV (454) ; chiefly quinions ; appears to lack roughly seven quires between pp.856-857 (catchwords do not match and foliation skips from ۴۲۷ to ٥۰۸) ; leaf with pp.515-516 and final three leaves left blank ; catchwords present ; foliation in black ink, Hindu-Arabic numerals (begins with ۱ on page facing incipit page (p.23), skips ٥, skips from ۱۹۰ to ٢٠٠, skips a leaf between ٢٥٦ and ٢٥٧, etc.) ; pagination in pencil, Western numerals (supplied during digitization, includes front flyleaves).</subfield></datafield><datafield tag="500" ind1=" " ind2=" "><subfield code="a">Colophon: "Scribal," triangular, reads: "الحمد لله على التمام وعلى رسوله افضل التحية والسلام في بلدة ارضروم على يد خليل بن ابراهيم وعليهما رحمة الرحيم في الدارين ثم وقع الفراغ عن تسويد هذه الاوراق في سنة اثنى وثلثين ومائة بعد الالف من الهجرة النبوية في شهر شعبان المعظم في اليوم العاشر غفر الله له ولوالديه واحسن اليهما واليه في الدارين بحرمة سيد الثقلين تم تم تم"</subfield></datafield><datafield tag="500" ind1=" " ind2=" "><subfield code="a">Explicit: "هذا لان القليل لا يمكن الاحتراز عنه ولا يستطاع الامتناع عنه فسقط اعتباره دفعا للحرج كقليل النجاسة وقليل الانكشاف بخلاف ما اذا كانا نصفين او كانتا الميتة اغلب لانه لا ضرورة والله اعلم بالصواب"</subfield></datafield><datafield tag="500" ind1=" " ind2=" "><subfield code="a">Incipit: "الحمد لله الذي اعلى معالم العلم وعلامه واظهر شعائر الشرع واحكامه ... وقد جرى على الوعد في مبدأ بداية المبتدي ان اشرحها بتوفيق الله شرحا ارسمه بكفاية المنتهى فشرعت فيه والوعد يسوغ بعض المساغ وحين اكاد اتكئ عنه اتكاء الفراغ تبينت فيه نبذا من الاطناب وخشيت ان يهجر لاجله الكتاب فصرفت عنه العنان والعناية الى شرح اخر موسوم بالهداية ..."</subfield></datafield><datafield tag="500" ind1=" " ind2=" "><subfield code="a">Title from inscription accompanying close on p.906.</subfield></datafield><datafield tag="500" ind1=" " ind2=" "><subfield code="a">Ms. codex.</subfield></datafield><datafield tag="520" ind1="8" ind2=" "><subfield code="a">Careful copy of Marghīnānī's celebrated commentary on his Bidāyat al-mubtadiʼ, a treatise on Ḥanafī law.</subfield></datafield><datafield tag="538" ind1=" " ind2=" "><subfield code="a">Mode of access: Internet.</subfield></datafield><datafield tag="541" ind1=" " ind2=" "><subfield code="c">Purchase ;</subfield><subfield code="a">Acquired by purchase along with Abdul Hamid Collection (funds donated by Horace Rackham).</subfield><subfield code="d">1924.</subfield></datafield><datafield tag="546" ind1=" " ind2=" "><subfield code="a">Arabic.</subfield></datafield><datafield tag="561" ind1=" " ind2=" "><subfield code="a">Bookplate of British Museum, London slipped inside final leaf, "British Museum, London. No. 145. Al-Hidayah." ; circular seal impression with figure of goat/gazelle in purple ink as well as inscription "81" in Western numerals on fol.1a (p.1) ; on blue-tinted paper pasted on 'title page' (p.21), a detailed waqf statement in the name of al-Sayyid ʻAbd Allāh Adīb (Abdullah Edip), known as Jannatʹzādah (Cennet-zade), qāḍī of Erzurum, accompanied by his seal, reads: "وقفت وقفا صحيحا شرعيا بشرط ان لا يخرج من بيت الكتب الذي بنيته في اتصال داري الا لعلماء نفس ارضروم بكفيل مرعى اورهن قوي وانا الفقير السيد عبد الله اديب الشهير بجنت زاده القاضي بمدينة ارضروم في سنة اثنى وستين ومائتين والف" ; numerous marginal corrections and glosses.</subfield></datafield><datafield tag="600" ind1="1" ind2="0"><subfield code="a">Marghīnānī, ʻAlī ibn Abī Bakr,</subfield><subfield code="d">-1196 or 1197.</subfield><subfield code="t">Bidāyat al-mubtadiʼ.</subfield></datafield><datafield tag="650" ind1=" " ind2="0"><subfield code="a">Manuscripts, Arabic</subfield><subfield code="z">Michigan</subfield><subfield code="z">Ann Arbor.</subfield></datafield><datafield tag="650" ind1=" " ind2="0"><subfield code="a">Islamic law</subfield><subfield code="v">Early works to 1800.</subfield></datafield><datafield tag="650" ind1=" " ind2="0"><subfield code="a">Hanafites</subfield><subfield code="v">Early works to 1800.</subfield></datafield><datafield tag="700" ind1="0" ind2=" "><subfield code="6">880-05</subfield><subfield code="a">Halil bin İbrahim,</subfield><subfield code="d">fl.1720,</subfield><subfield code="e">scribe.</subfield></datafield><datafield tag="773" ind1="0" ind2=" "><subfield code="a">Tiflis Collection.</subfield></datafield><datafield tag="880" ind1="0" ind2=" "><subfield code="6">700-05/</subfield><subfield code="a">خليل بن ابراهيم،</subfield><subfield code="e">ناسخ.</subfield></datafield><datafield tag="880" ind1="1" ind2="0"><subfield code="6">245-03/</subfield><subfield code="a">كتاب الهداية,</subfield><subfield code="f">[1132ه، 1720م].</subfield></datafield><datafield tag="880" ind1="1" ind2="0"><subfield code="6">240-02/</subfield><subfield code="a">هداية</subfield></datafield><datafield tag="880" ind1="1" ind2=" "><subfield code="6">100-01/</subfield><subfield code="a">مرغيناني، علي بن ابي بكر.</subfield></datafield><datafield tag="CID" ind1=" " ind2=" "><subfield code="a">005990716</subfield></datafield><datafield tag="DAT" ind1="0" ind2=" "><subfield code="a">20190719102634.0</subfield><subfield code="b">20190719000000.0</subfield></datafield><datafield tag="DAT" ind1="1" ind2=" "><subfield code="a">20190719090653.0</subfield><subfield code="b">2019-07-19T16:11:10Z</subfield></datafield><datafield tag="DAT" ind1="2" ind2=" "><subfield code="a">2015-10-10T18:00:06Z</subfield></datafield><datafield tag="CAT" ind1=" " ind2=" "><subfield code="a">SDR-MIU</subfield><subfield code="d">EX LIBRIS - ALEPH</subfield><subfield code="l">prepare.pl-004-008</subfield></datafield><datafield tag="FMT" ind1=" " ind2=" "><subfield code="a">BK</subfield></datafield><datafield tag="HOL" ind1=" " ind2=" "><subfield code="0">sdr-miu005990716</subfield><subfield code="a">MiU</subfield><subfield code="b">SDR</subfield><subfield code="c">MIU</subfield><subfield code="p">mdp.39015079105741</subfield><subfield code="s">MIU</subfield><subfield code="1">005990716</subfield></datafield><datafield tag="974" ind1=" " ind2=" "><subfield code="b">MIU</subfield><subfield code="c">MIU</subfield><subfield code="d">20190719</subfield><subfield code="s">lit-dlps-dc</subfield><subfield code="u">mdp.39015079105741</subfield><subfield code="y">1720</subfield><subfield code="r">pd</subfield><subfield code="q">bib</subfield><subfield code="t">non-US bib date1 &lt; 1879</subfield></datafield></record></collection>